<record><leader>00000cas a22000007a 4500</leader><controlfield tag="001">24527091</controlfield><controlfield tag="008">911010d19051905txuwr ne      0    0eng d</controlfield><datafield ind1=" " ind2=" " tag="010"><subfield code="a">sn 91072513 </subfield></datafield><datafield ind1=" " ind2=" " tag="040"><subfield code="a">PPM</subfield><subfield code="b">eng</subfield><subfield code="c">PPM</subfield><subfield code="d">OCL</subfield><subfield code="d">OCLCQ</subfield></datafield><datafield ind1=" " ind2=" " tag="042"><subfield code="a">msc</subfield></datafield><datafield ind1="0" ind2=" " tag="130"><subfield code="a">Marlin ball (Marlin, Tex. : 1905)</subfield></datafield><datafield ind1="1" ind2="4" tag="245"><subfield code="a">The Marlin ball.</subfield></datafield><datafield ind1=" " ind2=" " tag="260"><subfield code="a">Marlin, Tex. :</subfield><subfield code="b">W.H. Morris</subfield></datafield><datafield ind1=" " ind2=" " tag="300"><subfield code="a">v.</subfield></datafield><datafield ind1=" " ind2=" " tag="310"><subfield code="a">Weekly</subfield></datafield><datafield ind1="0" ind2=" " tag="362"><subfield code="a">Vol. 31, no. 51 (Apr. 28, 1905) - v. 32, no. 17 (Sept. 1, 1905).</subfield></datafield><datafield ind1=" " ind2=" " tag="588"><subfield code="a">Description based on : vol. 31, no. 51 (Apr. 28, 1905).</subfield></datafield><datafield ind1=" " ind2=" " tag="752"><subfield code="a">United States</subfield><subfield code="b">Texas</subfield><subfield code="c">Falls</subfield><subfield code="d">Marlin.</subfield></datafield><datafield ind1="0" ind2="0" tag="780"><subfield code="t">Ball (Marlin, Tex.)</subfield><subfield code="w">(DLC)sn9100072512</subfield></datafield><datafield ind1="0" ind2="4" tag="785"><subfield code="t">Marlin Democrat</subfield><subfield code="w">(DLC)sn 86089975</subfield></datafield></record>